<?xml version="1.0" encoding="UTF-8" ?><marc:collection xmlns:marc="http://www.loc.gov/MARC21/slim" xmlns:xsi="http://www.w3.org/2001/XMLSchema-instance" xsi:schemaLocation="http://www.loc.gov/MARC21/slim http://www.loc.gov/standards/marcxml/schema/MARC21slim.xsd">
<marc:record><marc:leader>02694nam a2200421   4500</marc:leader>
<marc:controlfield tag="001">3370</marc:controlfield>
<marc:controlfield tag="003">aeadna</marc:controlfield><marc:controlfield tag="005">20040316234600.0</marc:controlfield><marc:controlfield tag="008">990908s1955  ua      0f0  ara0d1 0dara d</marc:controlfield><marc:datafield tag="035" ind1=" " ind2=" "><marc:subfield code="a">(Sirsi) 3370</marc:subfield></marc:datafield><marc:datafield tag="040" ind1=" " ind2=" "><marc:subfield code="a">nal</marc:subfield><marc:subfield code="b">ara</marc:subfield><marc:subfield code="e">AACR2</marc:subfield></marc:datafield><marc:datafield tag="041" ind1="0" ind2=" "><marc:subfield code="a">ara</marc:subfield></marc:datafield><marc:datafield tag="050" ind1=" " ind2="4"><marc:subfield code="a">BP75.2</marc:subfield><marc:subfield code="b">I22.1955</marc:subfield></marc:datafield><marc:datafield tag="066" ind1=" " ind2=" "><marc:subfield code="c">(3</marc:subfield></marc:datafield><marc:datafield tag="082" ind1="1" ind2="0"><marc:subfield code="a">219</marc:subfield><marc:subfield code="b">21</marc:subfield></marc:datafield><marc:datafield tag="090" ind1=" " ind2=" "><marc:subfield code="a"></marc:subfield></marc:datafield><marc:datafield tag="100" ind1="2" ind2=" "><marc:subfield code="a">ابن هشام، عبدالملك،</marc:subfield><marc:subfield code="d">ت.834.</marc:subfield></marc:datafield><marc:datafield tag="245" ind1="1" ind2="2"><marc:subfield code="a">السيرة النبوية /</marc:subfield><marc:subfield code="c"> لابن هشام؛ حققها وضبطها وشرحها ووضع فهارسها مصطفى السقا، إبراهيم الأبياري، عبدالحفيظ شلبي.</marc:subfield></marc:datafield><marc:datafield tag="246" ind1="1" ind2="3"><marc:subfield code="a">سيرة ابن هشام</marc:subfield></marc:datafield><marc:datafield tag="250" ind1=" " ind2=" "><marc:subfield code="a">ط.2</marc:subfield></marc:datafield><marc:datafield tag="260" ind1=" " ind2=" "><marc:subfield code="a">القاهرة :</marc:subfield><marc:subfield code="b">شركة مكتبة ومطبعة مصطفى البابي الحلبي وأولاده،</marc:subfield><marc:subfield code="c">1955م.</marc:subfield></marc:datafield><marc:datafield tag="300" ind1=" " ind2=" "><marc:subfield code="a">4ج. في 2 مج. (834 ص.،766 ص.) ؛</marc:subfield><marc:subfield code="c">25 سم.</marc:subfield></marc:datafield><marc:datafield tag="490" ind1=" " ind2=" "><marc:subfield code="a">تراث الإسلام؛</marc:subfield></marc:datafield><marc:datafield tag="500" ind1=" " ind2=" "><marc:subfield code="a">الكتاب عبارة عن قسمين. القسم الأول في جزأين (الجزء الأول والّثاني = 834 صفحة). والقسم الثاني في جزأين (الجزء الثالث والرابع = 766 صفحة)</marc:subfield></marc:datafield><marc:datafield tag="500" ind1=" " ind2=" "><marc:subfield code="a">في آخر كل مجلد فهارس وكشافات.</marc:subfield></marc:datafield><marc:datafield tag="500" ind1=" " ind2=" "><marc:subfield code="a">صفحة 672 من القسم الثاني. في آخر الجزء الرابع.  &quot;تم بحمد الله طبع كتاب سيرة رسول الله صلى الله عليه وسلم المعروفة &quot;بسيرة ابن هشام&quot; بشركة مكتبة ومطبعة مصطفى البابي الحلبي واولاده بالقاهرة في 8 رمضان سنة 1375هـ 19 إبريل سنة 1956م.&quot;</marc:subfield></marc:datafield><marc:datafield tag="500" ind1=" " ind2=" "><marc:subfield code="a">حالة الكتاب المادية جيدة (مجلد). الورق: أصفر.</marc:subfield></marc:datafield><marc:datafield tag="500" ind1=" " ind2=" "><marc:subfield code="a">ُيعرف الكتاب بسيرة ابن هشام</marc:subfield></marc:datafield><marc:datafield tag="500" ind1=" " ind2=" "><marc:subfield code="a">قام المحققون الثلاثة بإعداد وضبط الفهارس والكشافات للأجزاء الأربعة.</marc:subfield></marc:datafield><marc:datafield tag="520" ind1=" " ind2=" "><marc:subfield code="a"> يعد من أهم كتب السيرة النبوية ومصادرها الرئيسة، وهو نتاج تلخيص وتهذيب لأحد أكثر الكتب وثوقًا ألا وهو كتاب سيرة محمد بن اسحاق، والذي ألفه في عهد الخليفة العباسي أبو جعفر المنصور، فقد خرج هذا الكتاب على يد ابن هشام بكثير من الاختصار والإضافة والمعارضة بروايات أخرى ومع ذلك فقد التزم برواية ابن اسحاق فلم يزد عليها كلمة إّلا وأضاف إليها (قال ابن هشام)، في حين أَّن اختصاره كان بإلغاء ما كان قبل تاريخ سيدنا اسماعيل عليه الصلاة والسلام، وحذف الأشعار التي شك في صحتها، ومنذ تهذيب سيرة ابن اسحاق أصبحت ُتعرف بسيرة ابن هشام حيث إنها ُتعتبر من أهم الكتب قديمًا وحديثًا فلا يوجد أحد يسعى لدراسة السيرة النبوية الشريفة إّلا ويرجع لكتاب سيرة ابن هشام.</marc:subfield></marc:datafield><marc:datafield tag="650" ind1=" " ind2="4"><marc:subfield code="a">التاريخ الإسلامي.</marc:subfield></marc:datafield><marc:datafield tag="650" ind1=" " ind2="4"><marc:subfield code="a">السيرة النبوية.</marc:subfield></marc:datafield><marc:datafield tag="700" ind1="1" ind2=" "><marc:subfield code="a">الأبيارى، إبراهيم</marc:subfield><marc:subfield code="e">محقق.</marc:subfield></marc:datafield><marc:datafield tag="700" ind1="1" ind2=" "><marc:subfield code="a">شبلي، عبدالحفيظ</marc:subfield><marc:subfield code="e">محقق.</marc:subfield></marc:datafield><marc:datafield tag="700" ind1="1" ind2=" "><marc:subfield code="a">السقا، مصطفى،</marc:subfield><marc:subfield code="e">محقق</marc:subfield><marc:subfield code="e">محقق.</marc:subfield></marc:datafield><marc:datafield tag="830" ind1=" " ind2=" "><marc:subfield code="a">سلسلة تراث الإسلام؛</marc:subfield></marc:datafield><marc:datafield tag="949" ind1=" " ind2=" "><marc:subfield code="a">219 م ش س  1 (m3955</marc:subfield><marc:subfield code="v">1</marc:subfield><marc:subfield code="w">DDC</marc:subfield><marc:subfield code="i">30018000000882</marc:subfield><marc:subfield code="u">06/03/2003</marc:subfield><marc:subfield code="d">04/26/2010</marc:subfield><marc:subfield code="n">0</marc:subfield><marc:subfield code="t">Book</marc:subfield><marc:subfield code="l">i</marc:subfield><marc:subfield code="m">MAIN</marc:subfield><marc:subfield code="j">0</marc:subfield><marc:subfield code="x">RAR</marc:subfield></marc:datafield><marc:datafield tag="949" ind1=" " ind2=" "><marc:subfield code="a">219 م ش س  1 (m3955</marc:subfield><marc:subfield code="v">2</marc:subfield><marc:subfield code="w">DDC</marc:subfield><marc:subfield code="i">30018000015243</marc:subfield><marc:subfield code="u">06/03/2003</marc:subfield><marc:subfield code="d">04/26/2010</marc:subfield><marc:subfield code="n">0</marc:subfield><marc:subfield code="t">Book</marc:subfield><marc:subfield code="l">i</marc:subfield><marc:subfield code="m">MAIN</marc:subfield><marc:subfield code="j">0</marc:subfield><marc:subfield code="x">RAR</marc:subfield></marc:datafield></marc:record>
</marc:collection>
